%YAML 1.1
%TAG !u! tag:unity3d.com,2011:
--- !u!1 &105680
GameObject:
  m_ObjectHideFlags: 0
  m_PrefabParentObject: {fileID: 0}
  m_PrefabInternal: {fileID: 100100000}
  serializedVersion: 4
  m_Component:
  - 4: {fileID: 482558}
  - 114: {fileID: 11431830}
  - 114: {fileID: 11476436}
  - 114: {fileID: 11464036}
  m_Layer: 8
  m_Name: HPBarPrefab
  m_TagString: Untagged
  m_Icon: {fileID: 0}
  m_NavMeshLayer: 0
  m_StaticEditorFlags: 0
  m_IsActive: 1
--- !u!1 &146208
GameObject:
  m_ObjectHideFlags: 0
  m_PrefabParentObject: {fileID: 0}
  m_PrefabInternal: {fileID: 100100000}
  serializedVersion: 4
  m_Component:
  - 4: {fileID: 487554}
  - 114: {fileID: 11412174}
  m_Layer: 8
  m_Name: Foreground
  m_TagString: Untagged
  m_Icon: {fileID: 0}
  m_NavMeshLayer: 0
  m_StaticEditorFlags: 0
  m_IsActive: 1
--- !u!1 &195420
GameObject:
  m_ObjectHideFlags: 0
  m_PrefabParentObject: {fileID: 0}
  m_PrefabInternal: {fileID: 100100000}
  serializedVersion: 4
  m_Component:
  - 4: {fileID: 442240}
  - 114: {fileID: 11415852}
  m_Layer: 8
  m_Name: Background
  m_TagString: Untagged
  m_Icon: {fileID: 0}
  m_NavMeshLayer: 0
  m_StaticEditorFlags: 0
  m_IsActive: 1
--- !u!4 &442240
Transform:
  m_ObjectHideFlags: 1
  m_PrefabParentObject: {fileID: 0}
  m_PrefabInternal: {fileID: 100100000}
  m_GameObject: {fileID: 195420}
  m_LocalRotation: {x: 0, y: 0, z: 0, w: 1}
  m_LocalPosition: {x: 0, y: 6, z: 0}
  m_LocalScale: {x: 1, y: 1, z: 1}
  m_Children: []
  m_Father: {fileID: 482558}
  m_RootOrder: 1
--- !u!4 &482558
Transform:
  m_ObjectHideFlags: 1
  m_PrefabParentObject: {fileID: 0}
  m_PrefabInternal: {fileID: 100100000}
  m_GameObject: {fileID: 105680}
  m_LocalRotation: {x: 0, y: 0, z: 0, w: 1}
  m_LocalPosition: {x: 250, y: 250, z: 0}
  m_LocalScale: {x: 1, y: 1, z: 1}
  m_Children:
  - {fileID: 487554}
  - {fileID: 442240}
  m_Father: {fileID: 0}
  m_RootOrder: 0
--- !u!4 &487554
Transform:
  m_ObjectHideFlags: 1
  m_PrefabParentObject: {fileID: 0}
  m_PrefabInternal: {fileID: 100100000}
  m_GameObject: {fileID: 146208}
  m_LocalRotation: {x: 0, y: 0, z: 0, w: 1}
  m_LocalPosition: {x: 0, y: 6, z: 0}
  m_LocalScale: {x: 1, y: 1, z: 1}
  m_Children: []
  m_Father: {fileID: 482558}
  m_RootOrder: 0
--- !u!114 &11412174
MonoBehaviour:
  m_ObjectHideFlags: 1
  m_PrefabParentObject: {fileID: 0}
  m_PrefabInternal: {fileID: 100100000}
  m_GameObject: {fileID: 146208}
  m_Enabled: 1
  m_EditorHideFlags: 0
  m_Script: {fileID: 11500000, guid: 1b3dc54f924693f41b5cbecb267e647a, type: 3}
  m_Name: 
  m_EditorClassIdentifier: 
  leftAnchor:
    target: {fileID: 482558}
    relative: 0
    absolute: 0
  rightAnchor:
    target: {fileID: 482558}
    relative: 1
    absolute: 0
  bottomAnchor:
    target: {fileID: 482558}
    relative: 0
    absolute: 0
  topAnchor:
    target: {fileID: 482558}
    relative: 1
    absolute: 0
  updateAnchors: 1
  mColor: {r: 0.034482718, g: 1, b: 0, a: 1}
  mPivot: 2
  mWidth: 50
  mHeight: 20
  mDepth: 13
  mMat: {fileID: 0}
  autoResizeBoxCollider: 1
  hideIfOffScreen: 0
  keepAspectRatio: 0
  aspectRatio: 1.6129032
  mType: 0
  mFillDirection: 4
  mFillAmount: 1
  mInvert: 0
  mFlip: 0
  mApplyGradient: 0
  mGradientTop: {r: 1, g: 1, b: 1, a: 1}
  mGradientBottom: {r: 0.7, g: 0.7, b: 0.7, a: 1}
  centerType: 1
  leftType: 1
  rightType: 1
  bottomType: 1
  topType: 1
  mAtlas: {fileID: 11401766, guid: ad63503838ac4cd4d90cefc44af0510f, type: 2}
  mSpriteName: HPBar_Foreground
  mFillCenter: 1
--- !u!114 &11415852
MonoBehaviour:
  m_ObjectHideFlags: 1
  m_PrefabParentObject: {fileID: 0}
  m_PrefabInternal: {fileID: 100100000}
  m_GameObject: {fileID: 195420}
  m_Enabled: 1
  m_EditorHideFlags: 0
  m_Script: {fileID: 11500000, guid: 1b3dc54f924693f41b5cbecb267e647a, type: 3}
  m_Name: 
  m_EditorClassIdentifier: 
  leftAnchor:
    target: {fileID: 482558}
    relative: 0
    absolute: 0
  rightAnchor:
    target: {fileID: 482558}
    relative: 1
    absolute: 0
  bottomAnchor:
    target: {fileID: 482558}
    relative: 0
    absolute: 0
  topAnchor:
    target: {fileID: 482558}
    relative: 1
    absolute: 0
  updateAnchors: 1
  mColor: {r: 1, g: 1, b: 1, a: 1}
  mPivot: 2
  mWidth: 50
  mHeight: 20
  mDepth: 4
  mMat: {fileID: 0}
  autoResizeBoxCollider: 0
  hideIfOffScreen: 0
  keepAspectRatio: 0
  aspectRatio: 2.5
  mType: 0
  mFillDirection: 4
  mFillAmount: 1
  mInvert: 0
  mFlip: 0
  mApplyGradient: 0
  mGradientTop: {r: 1, g: 1, b: 1, a: 1}
  mGradientBottom: {r: 0.7, g: 0.7, b: 0.7, a: 1}
  centerType: 1
  leftType: 1
  rightType: 1
  bottomType: 1
  topType: 1
  mAtlas: {fileID: 11401766, guid: ad63503838ac4cd4d90cefc44af0510f, type: 2}
  mSpriteName: HPBar_Background
  mFillCenter: 1
--- !u!114 &11431830
MonoBehaviour:
  m_ObjectHideFlags: 1
  m_PrefabParentObject: {fileID: 0}
  m_PrefabInternal: {fileID: 100100000}
  m_GameObject: {fileID: 105680}
  m_Enabled: 1
  m_EditorHideFlags: 0
  m_Script: {fileID: 11500000, guid: ae942c9068183dc40a9d01f648273726, type: 3}
  m_Name: 
  m_EditorClassIdentifier: 
  leftAnchor:
    target: {fileID: 0}
    relative: 0
    absolute: 0
  rightAnchor:
    target: {fileID: 0}
    relative: 1
    absolute: 0
  bottomAnchor:
    target: {fileID: 0}
    relative: 0
    absolute: 0
  topAnchor:
    target: {fileID: 0}
    relative: 1
    absolute: 0
  updateAnchors: 1
  showInPanelTool: 1
  generateNormals: 0
  generateUV2: 0
  shadowMode: 0
  widgetsAreStatic: 0
  cullWhileDragging: 1
  alwaysOnScreen: 0
  anchorOffset: 0
  softBorderPadding: 1
  renderQueue: 0
  startingRenderQueue: 3008
  mClipTexture: {fileID: 0}
  mAlpha: 1
  mClipping: 3
  mClipRange: {x: -25, y: -4, z: 50, w: 20}
  mClipSoftness: {x: 0, y: 0}
  mDepth: 0
  mSortingOrder: 0
  mSortingLayerName: 
  mClipOffset: {x: 0.5, y: 0}
  useSortingOrder: 0
--- !u!114 &11464036
MonoBehaviour:
  m_ObjectHideFlags: 1
  m_PrefabParentObject: {fileID: 0}
  m_PrefabInternal: {fileID: 100100000}
  m_GameObject: {fileID: 105680}
  m_Enabled: 1
  m_EditorHideFlags: 0
  m_Script: {fileID: 11500000, guid: 27578b359d981dd419dc11a90506ed72, type: 3}
  m_Name: 
  m_EditorClassIdentifier: 
  _OwnerAnimal: {fileID: 0}
  foreground: {fileID: 11412174}
  background: {fileID: 11415852}
--- !u!114 &11476436
MonoBehaviour:
  m_ObjectHideFlags: 1
  m_PrefabParentObject: {fileID: 0}
  m_PrefabInternal: {fileID: 100100000}
  m_GameObject: {fileID: 105680}
  m_Enabled: 1
  m_EditorHideFlags: 0
  m_Script: {fileID: 11500000, guid: d81807633ea807d4c8e3fff7e10c6000, type: 3}
  m_Name: 
  m_EditorClassIdentifier: 
  movement: 0
  dragEffect: 0
  restrictWithinPanel: 1
  constrainOnDrag: 0
  disableDragIfFits: 0
  smoothDragStart: 1
  iOSDragEmulation: 1
  scrollWheelFactor: -1
  momentumAmount: 35
  dampenStrength: 9
  horizontalScrollBar: {fileID: 0}
  verticalScrollBar: {fileID: 0}
  showScrollBars: 1
  customMovement: {x: 1, y: 0}
  contentPivot: 1
  scale: {x: 0, y: 0, z: 0}
  relativePositionOnReset: {x: 0, y: 0}
  centerOnChild: {fileID: 0}
--- !u!1001 &100100000
Prefab:
  m_ObjectHideFlags: 1
  serializedVersion: 2
  m_Modification:
    m_TransformParent: {fileID: 0}
    m_Modifications: []
    m_RemovedComponents: []
  m_ParentPrefab: {fileID: 0}
  m_RootGameObject: {fileID: 105680}
  m_IsPrefabParent: 1
